<?xml version="1.0" encoding="utf-8"?>
<record xmlns="http://www.loc.gov/MARC21/slim" xmlns:xsi="http://www.w3.org/2001/XMLSchema-instance" xsi:schemaLocation="http://www.loc.gov/MARC21/slim http://www.loc.gov/standards/marcxml/schema/MARC21slim.xsd">
	<leader>     nam a22     Mi 4500</leader>
	<controlfield tag="001">198980</controlfield>
	<controlfield tag="003">NjP</controlfield>
	<controlfield tag="006">m        d        </controlfield>
	<controlfield tag="007">cr cn |||m|||a</controlfield>
	<controlfield tag="008">190221m19819999ir a    ob    000 0 ara d</controlfield>
	<datafield ind1=" " ind2=" " tag="040">
		<subfield code="a">ZYU</subfield>
		<subfield code="b">ara</subfield>
		<subfield code="e">rda</subfield>
		<subfield code="c">ZYU</subfield>
	</datafield>
	<datafield ind1=" " ind2="4" tag="050">
		<subfield code="a">KBP440.76.I2563</subfield>
		<subfield code="b">A722 1981</subfield>
	</datafield>
	<datafield ind1=" " ind2="4" tag="082">
		<subfield code="a">A345.6</subfield>
	</datafield>
	<datafield ind1="1" ind2=" " tag="100">
		<subfield code="6">880-01</subfield>
		<subfield code="a">Ardabīlī, Aḥmad ibn Muḥammad,</subfield>
		<subfield code="d">-1585.</subfield>
	</datafield>
	<datafield ind1="1" ind2="0" tag="245">
		<subfield code="6">880-02</subfield>
		<subfield code="a">Majmaʻ al-fāʼidah wa-al-burhān fī sharḥ Irshād al-adhhān /</subfield>
		<subfield code="c">lil-faqīh Aḥmad al-Ardabīlī ; ṣaḥḥaḥahu wa-nammaqahu wa-ʻallaqa ʻalayhi wa-ashrafa ʻalá ṭabʻihi Mujtabá al-ʻIrāqī wa-ʻAlī Panāh al-Ishtihārdī wa-Ḥusayn al-Yazdī al-Iṣfahānī.</subfield>
	</datafield>
	<datafield ind1=" " ind2=" " tag="260">
		<subfield code="6">880-03</subfield>
		<subfield code="a">Qum :</subfield>
		<subfield code="b">Jamāʻat al-Mudarrisīn fī al-Ḥawzah al-ʻIlmīyah,</subfield>
		<subfield code="c">[1402- i.e. 1981 or 1982-]</subfield>
	</datafield>
	<datafield ind1=" " ind2=" " tag="300">
		<subfield code="a">online resource (volumes) :</subfield>
		<subfield code="b">illustrations</subfield>
	</datafield>
	<datafield ind1=" " ind2=" " tag="336">
		<subfield code="a">text</subfield>
		<subfield code="2">rdacontent</subfield>
	</datafield>
	<datafield ind1=" " ind2=" " tag="337">
		<subfield code="a">computer</subfield>
		<subfield code="2">rdamedia</subfield>
	</datafield>
	<datafield ind1=" " ind2=" " tag="338">
		<subfield code="a">online resource</subfield>
		<subfield code="2">rdacarrier</subfield>
	</datafield>
	<datafield ind1=" " ind2=" " tag="500">
		<subfield code="a">Introd. dated 1402.</subfield>
	</datafield>
	<datafield ind1=" " ind2=" " tag="500">
		<subfield code="a">Part of the Arabic Collections Online (ACO) project, contributed by Princeton University Libraries.</subfield>
	</datafield>
	<datafield ind1=" " ind2=" " tag="504">
		<subfield code="a">Includes bibliographical references.</subfield>
	</datafield>
	<datafield ind1=" " ind2=" " tag="533">
		<subfield code="a">Electronic reproduction.</subfield>
		<subfield code="b">New York, N.Y. :</subfield>
		<subfield code="c">New York University,</subfield>
		<subfield code="d">2019.</subfield>
		<subfield code="5">NNU</subfield>
	</datafield>
	<datafield ind1="1" ind2="0" tag="600">
		<subfield code="6">880-04</subfield>
		<subfield code="a">Ibn al-Muṭahhar al-Ḥillī, al-Ḥasan ibn Yūsuf,</subfield>
		<subfield code="d">1250-1325.</subfield>
		<subfield code="t">Irshād al-adhhān.</subfield>
	</datafield>
	<datafield ind1=" " ind2="0" tag="650">
		<subfield code="a">Islamic law</subfield>
		<subfield code="x">Interpretation and construction</subfield>
		<subfield code="v">Early works to 1800.</subfield>
	</datafield>
	<datafield ind1=" " ind2="7" tag="650">
		<subfield code="a">Islamic law</subfield>
		<subfield code="x">Interpretation and construction.</subfield>
		<subfield code="2">fast</subfield>
		<subfield code="0">(OCoLC)fst00979955</subfield>
	</datafield>
	<datafield ind1=" " ind2="7" tag="655">
		<subfield code="a">Early works.</subfield>
		<subfield code="2">fast</subfield>
		<subfield code="0">(OCoLC)fst01411636</subfield>
	</datafield>
	<datafield ind1="1" ind2=" " tag="700">
		<subfield code="6">880-05</subfield>
		<subfield code="a">ʻIrāqī, Mujtabá.</subfield>
	</datafield>
	<datafield ind1="1" ind2=" " tag="700">
		<subfield code="6">880-06</subfield>
		<subfield code="a">Ishtihārdī, ʻAlī Panāh.</subfield>
	</datafield>
	<datafield ind1="1" ind2=" " tag="700">
		<subfield code="6">880-07</subfield>
		<subfield code="a">Yazdī al-Iṣfahānī, Ḥusayn.</subfield>
	</datafield>
	<datafield ind1="1" ind2="2" tag="700">
		<subfield code="6">880-08</subfield>
		<subfield code="a">Ibn al-Muṭahhar al-Ḥillī, al-Ḥasan ibn Yūsuf,</subfield>
		<subfield code="d">1250-1325.</subfield>
		<subfield code="t">Irshād al-adhhān.</subfield>
	</datafield>
	<datafield ind1="2" ind2=" " tag="710">
		<subfield code="a">Princeton University.</subfield>
		<subfield code="b">Library.</subfield>
	</datafield>
	<datafield ind1="0" ind2=" " tag="730">
		<subfield code="a">Arabic Collections Online.</subfield>
	</datafield>
	<datafield ind1="0" ind2="8" tag="776">
		<subfield code="i">Print version:</subfield>
		<subfield code="a">Ardabīlī, Aḥmad ibn Muḥammad, -1585.</subfield>
		<subfield code="t">Majmaʻ al-fāʼidah wa-al-burhān fī sharḥ Irshād al-adhhān</subfield>
		<subfield code="w">(NjP)198980</subfield>
		<subfield code="w">(OCoLC)25296384</subfield>
	</datafield>
	<datafield ind1="4" ind2="0" tag="856">
		<subfield code="u">http://hdl.handle.net/2333.1/sxksn709</subfield>
	</datafield>
	<datafield ind1="1" ind2=" " tag="880">
		<subfield code="6">100-01</subfield>
		<subfield code="a">اردبيلي، احمد بن محمد،‎‎</subfield>
		<subfield code="d">-1585.</subfield>
	</datafield>
	<datafield ind1="1" ind2="0" tag="880">
		<subfield code="6">245-02</subfield>
		<subfield code="a">مجمع الفائدة والبرهان في شرح إرشاد الاذهان /‎‎</subfield>
		<subfield code="c">لاحمد الأردبيلي ؛ صححه ونمقه وعلق عليه واشرف على طبعه مجتبى العراقي وعلي پناه الاشتهاردي وحسين اليزدي الاصفهاني.‎‎</subfield>
	</datafield>
	<datafield ind1=" " ind2=" " tag="880">
		<subfield code="6">260-03</subfield>
		<subfield code="a">قم :‎‎</subfield>
		<subfield code="b">جماعة المدرسين في الحوزة العلمية،‎‎</subfield>
		<subfield code="c">[1402- i.e. 1981 or 1982-]</subfield>
	</datafield>
	<datafield ind1="1" ind2="4" tag="880">
		<subfield code="6">600-04</subfield>
		<subfield code="a">ابن المطهر الحلي، الحسن بن يوسف.‎‎</subfield>
		<subfield code="t">إرشاد الاذهان الى أحکام الإيمان.‎‎</subfield>
	</datafield>
	<datafield ind1="1" ind2=" " tag="880">
		<subfield code="6">700-05</subfield>
		<subfield code="a">عراقي، مجتبى.‎‎</subfield>
	</datafield>
	<datafield ind1="1" ind2=" " tag="880">
		<subfield code="6">700-06</subfield>
		<subfield code="a">اشتهاردي، علي پناه.‎‎</subfield>
	</datafield>
	<datafield ind1="1" ind2=" " tag="880">
		<subfield code="6">700-07</subfield>
		<subfield code="a">يزدي الاصفهاني، حسين.‎‎</subfield>
	</datafield>
	<datafield ind1="1" ind2="2" tag="880">
		<subfield code="6">700-08</subfield>
		<subfield code="a">ابن المطهر الحلي، الحسن بن يوسف،‎‎</subfield>
		<subfield code="d">1250-1325.</subfield>
		<subfield code="t">ارشاد الاذهان.‎‎</subfield>
	</datafield>
	<datafield ind1=" " ind2=" " tag="959">
		<subfield code="a">NNU</subfield>
		<subfield code="b">WEB</subfield>
		<subfield code="c">GENI</subfield>
		<subfield code="t">0</subfield>
		<subfield code="m">Electronic access</subfield>
		<subfield code="s">01</subfield>
	</datafield>
	<datafield ind1=" " ind2=" " tag="999">
		<subfield code="i">NjP_198980</subfield>
		<subfield code="o">(OCoLC)ocm25296384</subfield>
		<subfield code="s">princeton_aco001644:juz 1</subfield>
		<subfield code="s">princeton_aco001645:juz 2</subfield>
		<subfield code="s">princeton_aco001646:juz 3</subfield>
		<subfield code="s">princeton_aco001736:juz 4</subfield>
		<subfield code="s">princeton_aco001682:juz 5</subfield>
		<subfield code="s">princeton_aco001681:juz 6</subfield>
		<subfield code="s">princeton_aco001680:juz 7</subfield>
		<subfield code="e">(ERROR-880)</subfield>
		<subfield code="s">princeton_aco001644:juz 1</subfield>
		<subfield code="s">princeton_aco001645:juz 2</subfield>
		<subfield code="s">princeton_aco001646:juz 3</subfield>
		<subfield code="s">princeton_aco001736:juz 4</subfield>
		<subfield code="s">princeton_aco001682:juz 5</subfield>
		<subfield code="s">princeton_aco001681:juz 6</subfield>
		<subfield code="s">princeton_aco001680:juz 7</subfield>
	</datafield>
</record>
